@article{Biedermann:2014jya,
      author         = "Biedermann, G. W. and Wu, X. and Deslauriers, L. and Roy,
                        S. and Mahadeswaraswamy, C. and Kasevich, M. A.",
      title          = "{Testing Gravity with Cold-Atom Interferometers}",
      journal        = "Phys. Rev.",
      volume         = "A91",
      year           = "2015",
      number         = "3",
      pages          = "033629",
      doi            = "10.1103/PhysRevA.91.033629",
      eprint         = "1412.3210",
      archivePrefix  = "arXiv",
      primaryClass   = "physics.atom-ph",
      SLACcitation   = "%%CITATION = ARXIV:1412.3210;%%"
}

@article{Duff:2014mva,
      author         = "Duff, M. J.",
      title          = "{How fundamental are fundamental constants?}",
      journal        = "Contemp. Phys.",
      volume         = "56",
      year           = "2015",
      number         = "1",
      pages          = "35-47",
      doi            = "10.1080/00107514.2014.980093",
      eprint         = "1412.2040",
      archivePrefix  = "arXiv",
      primaryClass   = "hep-th",
      reportNumber   = "IMPERIAL-TP-2014-MJD-05",
      SLACcitation   = "%%CITATION = ARXIV:1412.2040;%%"
}

@article{Dent:2001ga,
      author         = "Dent, Thomas and Fairbairn, Malcolm",
      title          = "{Time varying coupling strengths, nuclear forces and
                        unification}",
      journal        = "Nucl. Phys.",
      volume         = "B653",
      year           = "2003",
      pages          = "256-278",
      doi            = "10.1016/S0550-3213(03)00043-9",
      eprint         = "hep-ph/0112279",
      archivePrefix  = "arXiv",
      primaryClass   = "hep-ph",
      reportNumber   = "MCTP-01-65, ULB-TH-01-40",
      SLACcitation   = "%%CITATION = HEP-PH/0112279;%%"
}

@article{Bertotti:2003rm,
      author         = "Bertotti, B. and Iess, L. and Tortora, P.",
      title          = "{A test of general relativity using radio links with the
                        Cassini spacecraft}",
      journal        = "Nature",
      volume         = "425",
      year           = "2003",
      pages          = "374-376",
      doi            = "10.1038/nature01997",
      SLACcitation   = "%%CITATION = NATUA,425,374;%%"
}

@article{Douglas:2006es,
      author         = "Douglas, Michael R. and Kachru, Shamit",
      title          = "{Flux compactification}",
      journal        = "Rev. Mod. Phys.",
      volume         = "79",
      year           = "2007",
      pages          = "733-796",
      doi            = "10.1103/RevModPhys.79.733",
      eprint         = "hep-th/0610102",
      archivePrefix  = "arXiv",
      primaryClass   = "hep-th",
      reportNumber   = "SLAC-PUB-12131",
      SLACcitation   = "%%CITATION = HEP-TH/0610102;%%"
}

@article{Klein:1926tv,
      author         = "Klein, Oskar",
      title          = "{Quantum Theory and Five-Dimensional Theory of
                        Relativity. (In German and English)}",
      booktitle      = "{Gauge theories in the twentieth century}",
      journal        = "Z. Phys.",
      volume         = "37",
      year           = "1926",
      pages          = "895-906",
      doi            = "10.1007/BF01397481",
      note           = "[,76(1926)]",
      SLACcitation   = "%%CITATION = ZEPYA,37,895;%%"
}

@article{Khoury:2003aq,
      author         = "Khoury, Justin and Weltman, Amanda",
      title          = "{Chameleon fields: Awaiting surprises for tests of
                        gravity in space}",
      journal        = "Phys. Rev. Lett.",
      volume         = "93",
      year           = "2004",
      pages          = "171104",
      doi            = "10.1103/PhysRevLett.93.171104",
      eprint         = "astro-ph/0309300",
      archivePrefix  = "arXiv",
      primaryClass   = "astro-ph",
      SLACcitation   = "%%CITATION = ASTRO-PH/0309300;%%"
}

@article{Aghanim:2018eyx,
      author         = "Aghanim, N. and others",
      title          = "{Planck 2018 results. VI. Cosmological parameters}",
      collaboration  = "Planck",
      year           = "2018",
      eprint         = "1807.06209",
      archivePrefix  = "arXiv",
      primaryClass   = "astro-ph.CO",
      SLACcitation   = "%%CITATION = ARXIV:1807.06209;%%"
}

@article{Campbell:1994bf,
      author         = "Campbell, Bruce A. and Olive, Keith A.",
      title          = "{Nucleosynthesis and the time dependence of fundamental
                        couplings}",
      journal        = "Phys. Lett.",
      volume         = "B345",
      year           = "1995",
      pages          = "429-434",
      doi            = "10.1016/0370-2693(94)01652-S",
      eprint         = "hep-ph/9411272",
      archivePrefix  = "arXiv",
      primaryClass   = "hep-ph",
      reportNumber   = "UMN-TH-1318-94",
      SLACcitation   = "%%CITATION = HEP-PH/9411272;%%"
}

@article{Kaluza:1984ws,
      author         = "Kaluza, Th.",
      title          = "{Zum Unit√§tsproblem der Physik}",
      booktitle      = "{The dawning of gauge theory}",
      journal        = "Sitzungsber. Preuss. Akad. Wiss. Berlin (Math. Phys.)",
      volume         = "1921",
      year           = "1921",
      pages          = "966-972",
      doi            = "10.1142/S0218271818700017",
      note           = "[Int. J. Mod. Phys.D27,no.14,1870001(2018)]",
      eprint         = "1803.08616",
      archivePrefix  = "arXiv",
      primaryClass   = "physics.hist-ph",
      reportNumber   = "HUPD-8401",
      SLACcitation   = "%%CITATION = ARXIV:1803.08616;%%"
}

@article{Brans:1961sx,
      author         = "Brans, C. and Dicke, R. H.",
      title          = "{Mach's principle and a relativistic theory of
                        gravitation}",
      journal        = "Phys. Rev.",
      volume         = "124",
      year           = "1961",
      pages          = "925-935",
      doi            = "10.1103/PhysRev.124.925",
      note           = "[,142(1961)]",
      SLACcitation   = "%%CITATION = PHRVA,124,925;%%"
}
@ARTICLE{1937Natur.139..323D,
       author = {{Dirac}, P.~A.~M.},
        title = "{The Cosmological Constants}",
      journal = {\nat},
         year = "1937",
        month = "Feb",
       volume = {139},
       number = {3512},
        pages = {323},
          doi = {10.1038/139323a0},
       adsurl = {https://ui.adsabs.harvard.edu/abs/1937Natur.139..323D},
      adsnote = {Provided by the SAO/NASA Astrophysics Data System}
}
@article{Copi:2003xd,
      author         = "Copi, Craig J. and Davis, Adam N. and Krauss, Lawrence
                        M.",
      title          = "{A New nucleosynthesis constraint on the variation of G}",
      journal        = "Phys. Rev. Lett.",
      volume         = "92",
      year           = "2004",
      pages          = "171301",
      doi            = "10.1103/PhysRevLett.92.171301",
      eprint         = "astro-ph/0311334",
      archivePrefix  = "arXiv",
      primaryClass   = "astro-ph",
      reportNumber   = "CWRU-P35-03",
      SLACcitation   = "%%CITATION = ASTRO-PH/0311334;%%"
}

@article{Bai:2015vca,
      author         = "Bai, Yang and Salvado, Jordi and Stefanek, Ben A.",
      title          = "{Cosmological Constraints on the Gravitational
                        Interactions of Matter and Dark Matter}",
      journal        = "JCAP",
      volume         = "1510",
      year           = "2015",
      number         = "10",
      pages          = "029",
      doi            = "10.1088/1475-7516/2015/10/029",
      eprint         = "1505.04789",
      archivePrefix  = "arXiv",
      primaryClass   = "hep-ph",
      SLACcitation   = "%%CITATION = ARXIV:1505.04789;%%"
}

@article{Sabti:2019mhn,
      author         = "Sabti, Nashwan and Alvey, James and Escudero, Miguel and
                        Fairbairn, Malcolm and Blas, Diego",
      title          = "{Refined Bounds on MeV-scale Thermal Dark Sectors from
                        BBN and the CMB}",
      year           = "2019",
      eprint         = "1910.01649",
      archivePrefix  = "arXiv",
      primaryClass   = "hep-ph",
      reportNumber   = "KCL-2019-75",
      SLACcitation   = "%%CITATION = ARXIV:1910.01649;%%"
}

@article{Escudero:2018mvt,
      author         = "Escudero, Miguel",
      title          = "{Neutrino decoupling beyond the Standard Model: CMB
                        constraints on the Dark Matter mass with a fast and
                        precise $N_{\rm eff}$ evaluation}",
      journal        = "JCAP",
      volume         = "1902",
      year           = "2019",
      pages          = "007",
      doi            = "10.1088/1475-7516/2019/02/007",
      eprint         = "1812.05605",
      archivePrefix  = "arXiv",
      primaryClass   = "hep-ph",
      reportNumber   = "KCL-2018-76",
      SLACcitation   = "%%CITATION = ARXIV:1812.05605;%%"
}

@article{Escudero:2019new,
      author         = "Escudero, Miguel",
      title          = "{Neutrino Decoupling Beyond the Standard Model II: Fast and Precise BSM observables in the Early Universe}",
      journal        = "to appear\hspace{-1.5mm}"
}

@article{Pitrou:2018cgg,
      author         = "Pitrou, Cyril and Coc, Alain and Uzan, Jean-Philippe and
                        Vangioni, Elisabeth",
      title          = "{Precision big bang nucleosynthesis with improved
                        Helium-4 predictions}",
      journal        = "Phys. Rept.",
      volume         = "754",
      year           = "2018",
      pages          = "1-66",
      doi            = "10.1016/j.physrep.2018.04.005",
      eprint         = "1801.08023",
      archivePrefix  = "arXiv",
      primaryClass   = "astro-ph.CO",
      SLACcitation   = "%%CITATION = ARXIV:1801.08023;%%"
}
@article{pdg,
      author         = "Tanabashi, M. and others",
      title          = "{Review of Particle Physics}",
      collaboration  = "ParticleDataGroup",
      journal        = "Phys. Rev.",
      volume         = "D98",
      year           = "2018",
      number         = "3",
      pages          = "030001",
      doi            = "10.1103/PhysRevD.98.030001",
      SLACcitation   = "%%CITATION = PHRVA,D98,030001;%%"
}

@INPROCEEDINGS{2017RMxAC..49..181P,
   author = {{Peimbert}, M. and {Peimbert}, A. and {Luridiana}, V.},
    title = "{A new determination of the primordial helium abundance}",
booktitle = {Revista Mexicana de Astronomia y Astrofisica Conference Series},
     year = 2017,
   series = {Revista Mexicana de Astronomia y Astrofisica, vol.~27},
   volume = 49,
   month = jul,
   pages = {181-181},
   adsurl = {http://adsabs.harvard.edu/abs/2017RMxAC..49..181P},
  adsnote = {Provided by the SAO/NASA Astrophysics Data System}
}

@article{Aver:2015iza,
      author         = "Aver, Erik and Olive, Keith A. and Skillman, Evan D.",
      title          = "{The effects of He I ?10830 on helium abundance
                        determinations}",
      journal        = "JCAP",
      volume         = "1507",
      year           = "2015",
      number         = "07",
      pages          = "011",
      doi            = "10.1088/1475-7516/2015/07/011",
      eprint         = "1503.08146",
      archivePrefix  = "arXiv",
      primaryClass   = "astro-ph.CO",
      SLACcitation   = "%%CITATION = ARXIV:1503.08146;%%"
}

@article{Izotov:2014fga,
      author         = "Izotov, Y. I. and Thuan, T. X. and Guseva, N. G.",
      title          = "{A new determination of the primordial He abundance using
                        the He i $\lambda$10830 √Ö emission line: cosmological
                        implications}",
      journal        = "Mon. Not. Roy. Astron. Soc.",
      volume         = "445",
      year           = "2014",
      number         = "1",
      pages          = "778-793",
      doi            = "10.1093/mnras/stu1771",
      eprint         = "1408.6953",
      archivePrefix  = "arXiv",
      primaryClass   = "astro-ph.CO",
      SLACcitation   = "%%CITATION = ARXIV:1408.6953;%%"
}

@article{Cooke:2016rky,
      author         = "Cooke, Ryan J. and Pettini, Max and Nollett, Kenneth M.
                        and Jorgenson, Regina",
      title          = "{The primordial deuterium abundance of the most
                        metal-poor damped Ly$\alpha$ system}",
      journal        = "Astrophys. J.",
      volume         = "830",
      year           = "2016",
      number         = "2",
      pages          = "148",
      doi            = "10.3847/0004-637X/830/2/148",
      eprint         = "1607.03900",
      archivePrefix  = "arXiv",
      primaryClass   = "astro-ph.CO",
      SLACcitation   = "%%CITATION = ARXIV:1607.03900;%%"
}

@article{Balashev:2015hoe,
      author         = "Balashev, S. A. and Zavarygin, E. O. and Ivanchik, A. V.
                        and Telikova, K. N. and Varshalovich, D. A.",
      title          = "{The primordial deuterium abundance: subDLA system at
                        $z_{\rm abs}=2.437$ towards the QSO J 1444+2919}",
      journal        = "Mon. Not. Roy. Astron. Soc.",
      volume         = "458",
      year           = "2016",
      number         = "2",
      pages          = "2188-2198",
      doi            = "10.1093/mnras/stw356",
      eprint         = "1511.01797",
      archivePrefix  = "arXiv",
      primaryClass   = "astro-ph.GA",
      SLACcitation   = "%%CITATION = ARXIV:1511.01797;%%"
}

@ARTICLE{2018MNRAS.477.5536Z,
       author = {{Zavarygin}, E.~O. and {Webb}, J.~K. and {Dumont}, V. and
         {Riemer-S{\o}rensen}, S.},
        title = "{The primordial deuterium abundance at z$_{abs}$ = 2.504 from a high signal-to-noise spectrum of Q1009+2956}",
      journal = "Mon. Not. Roy. Astron. Soc.",
     keywords = {ISM: clouds, quasars: absorption lines, quasars: individual: (Q1009+2956), cosmology: observations, Astrophysics - Astrophysics of Galaxies},
         year = "2018",
        month = "Jul",
       volume = {477},
       number = {4},
        pages = {5536-5553},
          doi = {10.1093/mnras/sty1003},
archivePrefix = {arXiv},
       eprint = {1706.09512},
 primaryClass = {astro-ph.GA},
       adsurl = {https://ui.adsabs.harvard.edu/abs/2018MNRAS.477.5536Z},
      adsnote = {Provided by the SAO/NASA Astrophysics Data System}
}

@article{Riemer-Sorensen:2017pey,
      author         = "Riemer-S√∏rensen, S. and Kotu≈°, S. and Webb, J. K. and
                        Ali, K. and Dumont, V. and Murphy, M. T. and Carswell, R.
                        F.",
      title          = "{A precise deuterium abundance: remeasurement of the
                        z = 3.572 absorption system towards the quasar
                        PKS1937‚Äì101}",
      journal        = "Mon. Not. Roy. Astron. Soc.",
      volume         = "468",
      year           = "2017",
      number         = "3",
      pages          = "3239-3250",
      doi            = "10.1093/mnras/stx681",
      eprint         = "1703.06656",
      archivePrefix  = "arXiv",
      primaryClass   = "astro-ph.CO",
      SLACcitation   = "%%CITATION = ARXIV:1703.06656;%%"
}

@article{Kaspi:1994hp,
      author         = "Kaspi, V. M. and Taylor, J. H. and Ryba, M. F.",
      title          = "{High - precision timing of millisecond pulsars. 3: Long
                        - term monitoring of PSRs B1855+09 and B1937+21}",
      journal        = "Astrophys. J.",
      volume         = "428",
      year           = "1994",
      pages          = "713",
      doi            = "10.1086/174280",
      SLACcitation   = "%%CITATION = ASJOA,428,713;%%"
}

@article{Williams:2004qba,
      author         = "Williams, James G. and Turyshev, Slava G. and Boggs, Dale
                        H.",
      title          = "{Progress in lunar laser ranging tests of relativistic
                        gravity}",
      journal        = "Phys. Rev. Lett.",
      volume         = "93",
      year           = "2004",
      pages          = "261101",
      doi            = "10.1103/PhysRevLett.93.261101",
      eprint         = "gr-qc/0411113",
      archivePrefix  = "arXiv",
      primaryClass   = "gr-qc",
      SLACcitation   = "%%CITATION = GR-QC/0411113;%%"
}

@article{Teller:1948zz,
      author         = "Teller, Edward",
      title          = "{On the Change of Physical Constants}",
      journal        = "Phys. Rev.",
      volume         = "73",
      year           = "1948",
      pages          = "801-802",
      doi            = "10.1103/PhysRev.73.801",
      SLACcitation   = "%%CITATION = PHRVA,73,801;%%"
}

@article{Gamow:1967zza,
      author         = "Gamow, G.",
      title          = "{Electricity, Gravity, and Cosmology}",
      journal        = "Phys. Rev. Lett.",
      volume         = "19",
      year           = "1967",
      pages          = "759-761",
      doi            = "10.1103/PhysRevLett.19.759",
      SLACcitation   = "%%CITATION = PRLTA,19,759;%%"
}

@article{Martins:2017yxk,
      author         = "Martins, C. J. A. P.",
      title          = "{The status of varying constants: a review of the
                        physics, searches and implications}",
      doi            = "10.1088/1361-6633/aa860e",
      year           = "2017",
      eprint         = "1709.02923",
      archivePrefix  = "arXiv",
      primaryClass   = "astro-ph.CO",
      SLACcitation   = "%%CITATION = ARXIV:1709.02923;%%"
}

@article{Ooba:2017gyn,
      author         = "Ooba, Junpei and Ichiki, Kiyotomo and Chiba, Takeshi and
                        Sugiyama, Naoshi",
      title          = "{Cosmological constraints on scalar‚Äìtensor gravity and
                        the variation of the gravitational constant}",
      journal        = "PTEP",
      volume         = "2017",
      year           = "2017",
      number         = "4",
      pages          = "043E03",
      doi            = "10.1093/ptep/ptx046",
      eprint         = "1702.00742",
      archivePrefix  = "arXiv",
      primaryClass   = "astro-ph.CO",
      SLACcitation   = "%%CITATION = ARXIV:1702.00742;%%"
}

@article{Clifton:2005xr,
      author         = "Clifton, Timothy and Barrow, John D. and Scherrer, Robert
                        J.",
      title          = "{Constraints on the variation of G from primordial
                        nucleosynthesis}",
      journal        = "Phys. Rev.",
      volume         = "D71",
      year           = "2005",
      pages          = "123526",
      doi            = "10.1103/PhysRevD.71.123526",
      eprint         = "astro-ph/0504418",
      archivePrefix  = "arXiv",
      primaryClass   = "astro-ph",
      reportNumber   = "DAMTP-2005-44",
      SLACcitation   = "%%CITATION = ASTRO-PH/0504418;%%"
}

@article{Uzan:2010pm,
      author         = "Uzan, Jean-Philippe",
      title          = "{Varying Constants, Gravitation and Cosmology}",
      journal        = "Living Rev. Rel.",
      volume         = "14",
      year           = "2011",
      pages          = "2",
      doi            = "10.12942/lrr-2011-2",
      eprint         = "1009.5514",
      archivePrefix  = "arXiv",
      primaryClass   = "astro-ph.CO",
      SLACcitation   = "%%CITATION = ARXIV:1009.5514;%%"
}

@article{Uzan:2002vq,
      author         = "Uzan, Jean-Philippe",
      title          = "{The Fundamental constants and their variation:
                        Observational status and theoretical motivations}",
      journal        = "Rev. Mod. Phys.",
      volume         = "75",
      year           = "2003",
      pages          = "403",
      doi            = "10.1103/RevModPhys.75.403",
      eprint         = "hep-ph/0205340",
      archivePrefix  = "arXiv",
      primaryClass   = "hep-ph",
      SLACcitation   = "%%CITATION = HEP-PH/0205340;%%"
}

@article{Chandler:1993,
      author         = "Chandler, J.F. and Reasenberg, R.D. and Shapiro, I.I.",
      title          = "{New bounds on G}",
      journal        = "Bull.Am.Astron.Soc.",
      volume         = "25",
      year           = "1993",
      pages          = "1233"
}

@article{Zhu:2018etc,
      author         = "Zhu, W. W. and others",
      title          = "{Tests of Gravitational Symmetries with Pulsar Binary
                        J1713+0747}",
      journal        = "Mon. Not. Roy. Astron. Soc.",
      volume         = "482",
      year           = "2019",
      number         = "3",
      pages          = "3249-3260",
      doi            = "10.1093/mnras/sty2905",
      eprint         = "1802.09206",
      archivePrefix  = "arXiv",
      primaryClass   = "astro-ph.HE",
      SLACcitation   = "%%CITATION = ARXIV:1802.09206;%%"
}

@article{Zhao:2018gwk,
      author         = "Zhao, Wen and Wright, Bill S. and Li, Baojiu",
      title          = "{Constraining the time variation of Newton's constant $G$
                        with gravitational-wave standard sirens and supernovae}",
      journal        = "JCAP",
      volume         = "1810",
      year           = "2018",
      number         = "10",
      pages          = "052",
      doi            = "10.1088/1475-7516/2018/10/052",
      eprint         = "1804.03066",
      archivePrefix  = "arXiv",
      primaryClass   = "astro-ph.CO",
      SLACcitation   = "%%CITATION = ARXIV:1804.03066;%%"
}

@article{Yunes:2009bv,
      author         = "Yunes, Nicolas and Pretorius, Frans and Spergel, David",
      title          = "{Constraining the evolutionary history of Newton's
                        constant with gravitational wave observations}",
      journal        = "Phys. Rev.",
      volume         = "D81",
      year           = "2010",
      pages          = "064018",
      doi            = "10.1103/PhysRevD.81.064018",
      eprint         = "0912.2724",
      archivePrefix  = "arXiv",
      primaryClass   = "gr-qc",
      SLACcitation   = "%%CITATION = ARXIV:0912.2724;%%"
}

@article{Bellinger:2019lnl,
      author         = "Bellinger, Earl Patrick and Christensen-Dalsgaard,
                        J√∏rgen",
      title          = "{Asteroseismic constraints on the cosmic-time variation
                        of the gravitational constant from an ancient
                        main-sequence star}",
      year           = "2019",
      eprint         = "1909.06378",
      archivePrefix  = "arXiv",
      primaryClass   = "astro-ph.SR",
      SLACcitation   = "%%CITATION = ARXIV:1909.06378;%%"
}

@article{GarciaBerro:2011wc,
      author         = "Garcia-Berro, Enrique and Loren-Aguilar, Pablo and
                        Torres, Santiago and Althaus, Leandro G. and Isern, Jordi",
      title          = "{An upper limit to the secular variation of the
                        gravitational constant from white dwarf stars}",
      journal        = "JCAP",
      volume         = "1105",
      year           = "2011",
      pages          = "021",
      doi            = "10.1088/1475-7516/2011/05/021",
      eprint         = "1105.1992",
      archivePrefix  = "arXiv",
      primaryClass   = "gr-qc",
      SLACcitation   = "%%CITATION = ARXIV:1105.1992;%%"
}

@article{Mould:2014iga,
      author         = "Mould, Jeremy and Uddin, Syed",
      title          = "{Constraining a possible variation of G with Type Ia
                        supernovae}",
      journal        = "Publ. Astron. Soc. Austral.",
      volume         = "31",
      year           = "2014",
      pages          = "15",
      doi            = "10.1017/pasa.2014.9",
      eprint         = "1402.1534",
      archivePrefix  = "arXiv",
      primaryClass   = "astro-ph.CO",
      SLACcitation   = "%%CITATION = ARXIV:1402.1534;%%"
}

@article{Hofmann:2018myc,
      author         = "Hofmann, F. and M√ºller, J.",
      title          = "{Relativistic tests with lunar laser ranging}",
      journal        = "Class. Quant. Grav.",
      volume         = "35",
      year           = "2018",
      number         = "3",
      pages          = "035015",
      doi            = "10.1088/1361-6382/aa8f7a",
      SLACcitation   = "%%CITATION = CQGRD,35,035015;%%"
}

@article{Pitjeva:2013chs,
      author         = "Pitjeva, E. V. and Pitjev, N. P.",
      title          = "{Relativistic effects and dark matter in the Solar system
                        from observations of planets and spacecraft}",
      journal        = "Mon. Not. Roy. Astron. Soc.",
      volume         = "432",
      year           = "2013",
      pages          = "3431",
      doi            = "10.1093/mnras/stt695",
      eprint         = "1306.3043",
      archivePrefix  = "arXiv",
      primaryClass   = "astro-ph.EP",
      SLACcitation   = "%%CITATION = ARXIV:1306.3043;%%"
}

@article{Fienga:2014bvy,
      author         = "Fienga, A. and Laskar, J. and Exertier, P. and Manche, H.
                        and Gastineau, M.",
      title          = "{Tests of General relativity with planetary orbits and
                        Monte Carlo simulations}",
      year           = "2014",
      eprint         = "1409.4932",
      archivePrefix  = "arXiv",
      primaryClass   = "astro-ph.EP",
      SLACcitation   = "%%CITATION = ARXIV:1409.4932;%%"
}