@article{Sarkar:1995dd,
      author         = "Sarkar, Subir",
      title          = "{Big bang nucleosynthesis and physics beyond the standard
                        model}",
      journal        = "Rept. Prog. Phys.",
      volume         = "59",
      year           = "1996",
      pages          = "1493-1610",
      doi            = "10.1088/0034-4885/59/12/001",
      eprint         = "hep-ph/9602260",
      archivePrefix  = "arXiv",
      primaryClass   = "hep-ph",
      reportNumber   = "OUTP-95-16-P",
      SLACcitation   = "%%CITATION = HEP-PH/9602260;%%"
}
@article{Bennett:2003ba,
      author         = "Bennett, C. L. and others",
      title          = "{The Microwave Anisotropy Probe (MAP) mission}",
      collaboration  = "WMAP",
      journal        = "Astrophys. J.",
      volume         = "583",
      year           = "2003",
      pages          = "1-23",
      doi            = "10.1086/345346",
      eprint         = "astro-ph/0301158",
      archivePrefix  = "arXiv",
      primaryClass   = "astro-ph",
      SLACcitation   = "%%CITATION = ASTRO-PH/0301158;%%"
}
@article{Guth:1980zm,
      author         = "Guth, Alan H.",
      title          = "{The Inflationary Universe: A Possible Solution to the
                        Horizon and Flatness Problems}",
      journal        = "Phys. Rev.",
      volume         = "D23",
      year           = "1981",
      pages          = "347-356",
      doi            = "10.1103/PhysRevD.23.347",
      note           = "[Adv. Ser. Astrophys. Cosmol.3,139(1987)]",
      reportNumber   = "SLAC-PUB-2576",
      SLACcitation   = "%%CITATION = PHRVA,D23,347;%%"
}
@book{Weinberg:1972kfs,
      author         = "Weinberg, Steven",
      title          = "{Gravitation and Cosmology}",
      publisher      = "John Wiley and Sons",
      address        = "New York",
      year           = "1972",
      ISBN           = "0471925675, 9780471925675",
      SLACcitation   = "%%CITATION = INSPIRE-1410180;%%"
}
@article{Fukugita:1993hc,
      author         = "Fukugita, M. and Hogan, C. J. and Peebles, P. J. E.",
      title          = "{The Cosmic distance scale and the Hubble constant}",
      journal        = "Nature",
      volume         = "366",
      year           = "1993",
      pages          = "309",
      doi            = "10.1038/366309a0",
      reportNumber   = "IASSNS-AST-93-12",
      SLACcitation   = "%%CITATION = NATUA,366,309;%%"
}
@article{Danziger:1970wn,
      author         = "Danziger, I. J.",
      title          = "{The cosmic abundance of helium}",
      journal        = "Ann. Rev. Astron. Astrophys.",
      volume         = "8",
      year           = "1970",
      pages          = "161-178",
      doi            = "10.1146/annurev.aa.08.090170.001113",
      SLACcitation   = "%%CITATION = ARAAA,8,161;%%"
}
@article{Peccei:1977ur,
      author         = "Peccei, R. D. and Quinn, Helen R.",
      title          = "{Constraints Imposed by CP Conservation in the Presence
                        of Instantons}",
      journal        = "Phys. Rev.",
      volume         = "D16",
      year           = "1977",
      pages          = "1791-1797",
      doi            = "10.1103/PhysRevD.16.1791",
      reportNumber   = "ITP-572-STANFORD",
      SLACcitation   = "%%CITATION = PHRVA,D16,1791;%%"
}
@article{Mukhanov:1990me,
      author         = "Mukhanov, Viatcheslav F. and Feldman, H. A. and
                        Brandenberger, Robert H.",
      title          = "{Theory of cosmological perturbations. Part 1. Classical
                        perturbations. Part 2. Quantum theory of perturbations.
                        Part 3. Extensions}",
      journal        = "Phys. Rept.",
      volume         = "215",
      year           = "1992",
      pages          = "203-333",
      doi            = "10.1016/0370-1573(92)90044-Z",
      reportNumber   = "BROWN-HET-796, BROWN-HET-800, BROWN-HET-780",
      SLACcitation   = "%%CITATION = PRPLC,215,203;%%"
}
@article{Villa:2001ss,
      author         = "Villa, Fabrizio and Bersanelli, M. and Burigana, C. and
                        Butler, R. C. and Mandolesi, N. and Mennella, A. and
                        Morgante, G. and Sandri, M. and Terenzi, L. and
                        Valenziano, L.",
      title          = "{The Planck Telescope}",
      booktitle      = "{Proceedings, 2K1BC Workshop on Experimental Cosmology at
                        Millimetre Wavelengths: Breil-Cervinia, Italy, July 9-13,
                        2001}",
      collaboration  = "Planck",
      journal        = "AIP Conf. Proc.",
      volume         = "616",
      year           = "2002",
      number         = "1",
      pages          = "224-228",
      doi            = "10.1063/1.1475633",
      eprint         = "astro-ph/0112173",
      archivePrefix  = "arXiv",
      primaryClass   = "astro-ph",
      SLACcitation   = "%%CITATION = ASTRO-PH/0112173;%%"
}
@article{Kolb:1990vq,
      author         = "Kolb, Edward W. and Turner, Michael S.",
      title          = "{The Early Universe}",
      journal        = "Front. Phys.",
      volume         = "69",
      year           = "1990",
      pages          = "1-547",
      SLACcitation   = "%%CITATION = FRPHA,69,1;%%"
}
@article{Ellis:1979nq,
      author         = "Ellis, John R. and Steigman, Gary",
      title          = "{Nonequilibrium in the Very Early Universe}",
      journal        = "Phys. Lett.",
      volume         = "89B",
      year           = "1980",
      pages          = "186-190",
      doi            = "10.1016/0370-2693(80)90006-4",
      reportNumber   = "CERN-TH-2745",
      SLACcitation   = "%%CITATION = PHLTA,89B,186;%%"
}
@article{Weinberg:1988cp,
      author         = "Weinberg, Steven",
      title          = "{The Cosmological Constant Problem}",
      journal        = "Rev. Mod. Phys.",
      volume         = "61",
      year           = "1989",
      pages          = "1-23",
      doi            = "10.1103/RevModPhys.61.1",
      note           = "[,569(1988)]",
      reportNumber   = "UTTG-12-88",
      SLACcitation   = "%%CITATION = RMPHA,61,1;%%"
}
@article{Schramm:1977ne,
      author         = "Schramm, David N. and Wagoner, Robert V.",
      title          = "{Element production in the early universe}",
      journal        = "Ann. Rev. Nucl. Part. Sci.",
      volume         = "27",
      year           = "1977",
      pages          = "37-74",
      doi            = "10.1146/annurev.ns.27.120177.000345",
      SLACcitation   = "%%CITATION = ARNUA,27,37;%%"
}
@article{Elmfors:1993pz,
      author         = "Elmfors, Per and Enqvist, Kari and Vilja, Iiro",
      title          = "{On the nonequilibrium early universe}",
      journal        = "Phys. Lett.",
      volume         = "B326",
      year           = "1994",
      pages          = "37-44",
      doi            = "10.1016/0370-2693(94)91189-4",
      eprint         = "hep-ph/9312265",
      archivePrefix  = "arXiv",
      primaryClass   = "hep-ph",
      reportNumber   = "NORDITA-93-80-P",
      SLACcitation   = "%%CITATION = HEP-PH/9312265;%%"
}
@article{Haber:1981fg,
      author         = "Haber, Howard E. and Weldon, H. Arthur",
      title          = "{Thermodynamics of an Ultrarelativistic Bose Gas}",
      journal        = "Phys. Rev. Lett.",
      volume         = "46",
      year           = "1981",
      pages          = "1497",
      doi            = "10.1103/PhysRevLett.46.1497",
      reportNumber   = "PRINT-81-0154 (PENN)",
      SLACcitation   = "%%CITATION = PRLTA,46,1497;%%"
}
@article{Steigman:1979kw,
      author         = "Steigman, G.",
      title          = "{Cosmology Confronts Particle Physics}",
      journal        = "Ann. Rev. Nucl. Part. Sci.",
      volume         = "29",
      year           = "1979",
      pages          = "313-338",
      doi            = "10.1146/annurev.ns.29.120179.001525",
      SLACcitation   = "%%CITATION = ARNUA,29,313;%%"
}
@book{Bernstein:1988bw,
      author         = "Bernstein, J.",
      title          = "{Kinetic Theory in the Expanding Universe}",
      publisher      = "Cambridge University Press",
      address        = "Cambridge, U.K.",
      year           = "1988",
      series         = "Cambridge Monographs on Mathematical Physics",
      doi            = "10.1017/CBO9780511564185",
      ISBN           = "9780511564185",
      SLACcitation   = "%%CITATION = INSPIRE-272066;%%"
}
@article{Dodelson:1992km,
      author         = "Dodelson, Scott and Turner, Michael S.",
      title          = "{Nonequilibrium neutrino statistical mechanics in the
                        expanding universe}",
      journal        = "Phys. Rev.",
      volume         = "D46",
      year           = "1992",
      pages          = "3372-3387",
      doi            = "10.1103/PhysRevD.46.3372",
      reportNumber   = "FERMILAB-PUB-92-084-A",
      SLACcitation   = "%%CITATION = PHRVA,D46,3372;%%"
}
@article{Alpher:1953zz,
      author         = "Alpher, Ralph A. and Follin, James W. and Herman, Robert
                        C.",
      title          = "{Physical Conditions in the Initial Stages of the
                        Expanding Universe}",
      journal        = "Phys. Rev.",
      volume         = "92",
      year           = "1953",
      pages          = "1347-1361",
      doi            = "10.1103/PhysRev.92.1347",
      SLACcitation   = "%%CITATION = PHRVA,92,1347;%%"
}
@article{Srednicki:1988ce,
      author         = "Srednicki, Mark and Watkins, Richard and Olive, Keith A.",
      title          = "{Calculations of Relic Densities in the Early Universe}",
      journal        = "Nucl. Phys.",
      volume         = "B310",
      year           = "1988",
      pages          = "693",
      doi            = "10.1016/0550-3213(88)90099-5",
      note           = "[,247(1988)]",
      reportNumber   = "UMN-TH-646/88",
      SLACcitation   = "%%CITATION = NUPHA,B310,693;%%"
}
@article{Dicus:1982cb,
      author         = "Dicus, Duane A. and Kolb, Edward W. and Gleeson, A. M.
                        and Sudarshan, E. C. G. and Teplitz, Vigdor L. and Turner,
                        Michael S.",
      title          = "{Corrections to primordial nucleosynthesis}",
      booktitle      = "{Proceedings,  Conference on Neutrino Mass and Gauge
                        Structure of Weak Interactions: Telemark, Wisconsin,
                        September 23-25, 1982}",
      journal        = "AIP Conf. Proc.",
      volume         = "99",
      year           = "2008",
      pages          = "81-90",
      doi            = "10.1063/1.34032",
      reportNumber   = "LA-UR-82-2986",
      SLACcitation   = "%%CITATION = APCPC,99,81;%%"
}
@article{Hannestad:1995rs,
      author         = "Hannestad, Steen and Madsen, Jes",
      title          = "{Neutrino decoupling in the early universe}",
      journal        = "Phys. Rev.",
      volume         = "D52",
      year           = "1995",
      pages          = "1764-1769",
      doi            = "10.1103/PhysRevD.52.1764",
      eprint         = "astro-ph/9506015",
      archivePrefix  = "arXiv",
      primaryClass   = "astro-ph",
      reportNumber   = "TAC-1995-006, IFA-95-14, AARHUS-ASTRO-1995-08",
      SLACcitation   = "%%CITATION = ASTRO-PH/9506015;%%"
}
@article{Esmailzadeh:1990hf,
      author         = "Esmailzadeh, Rahim and Starkman, Glenn D. and Dimopoulos,
                        Savas",
      title          = "{Primordial nucleosynthesis without a computer}",
      journal        = "Astrophys. J.",
      volume         = "378",
      year           = "1991",
      pages          = "504-518",
      reportNumber   = "CFPA-TH-90-023, IASSNS-AST-90-24",
      SLACcitation   = "%%CITATION = ASJOA,378,504;%%"
}
@article{Mangano:2001iu,
      author         = "Mangano, G. and Miele, G. and Pastor, S. and Peloso, M.",
      title          = "{A Precision calculation of the effective number of
                        cosmological neutrinos}",
      journal        = "Phys. Lett.",
      volume         = "B534",
      year           = "2002",
      pages          = "8-16",
      doi            = "10.1016/S0370-2693(02)01622-2",
      eprint         = "astro-ph/0111408",
      archivePrefix  = "arXiv",
      primaryClass   = "astro-ph",
      reportNumber   = "DSF-37-2001, MPI-PHT-2001-51",
      SLACcitation   = "%%CITATION = ASTRO-PH/0111408;%%"
}
@article{Escudero:2018mvt,
      author         = "Escudero, Miguel",
      title          = "{Neutrino decoupling beyond the Standard Model: CMB
                        constraints on the Dark Matter mass with a fast and
                        precise $N_{\rm eff}$ evaluation}",
      journal        = "JCAP",
      volume         = "1902",
      year           = "2019",
      pages          = "007",
      doi            = "10.1088/1475-7516/2019/02/007",
      eprint         = "1812.05605",
      archivePrefix  = "arXiv",
      primaryClass   = "hep-ph",
      reportNumber   = "KCL-2018-76",
      SLACcitation   = "%%CITATION = ARXIV:1812.05605;%%"
}
@article{Boehm:2013jpa,
      author         = "Boehm, Céline and Dolan, Matthew J. and McCabe,
                        Christopher",
      title          = "{A Lower Bound on the Mass of Cold Thermal Dark Matter
                        from Planck}",
      journal        = "JCAP",
      volume         = "1308",
      year           = "2013",
      pages          = "041",
      doi            = "10.1088/1475-7516/2013/08/041",
      eprint         = "1303.6270",
      archivePrefix  = "arXiv",
      primaryClass   = "hep-ph",
      reportNumber   = "IPPP-13-18, DCPT-13-36",
      SLACcitation   = "%%CITATION = ARXIV:1303.6270;%%"
}
@article{Nollett:2014lwa,
      author         = "Nollett, Kenneth M. and Steigman, Gary",
      title          = "{BBN And The CMB Constrain Neutrino Coupled Light WIMPs}",
      journal        = "Phys. Rev.",
      volume         = "D91",
      year           = "2015",
      number         = "8",
      pages          = "083505",
      doi            = "10.1103/PhysRevD.91.083505",
      eprint         = "1411.6005",
      archivePrefix  = "arXiv",
      primaryClass   = "astro-ph.CO",
      SLACcitation   = "%%CITATION = ARXIV:1411.6005;%%"
}
@article{Dolgov:1997mb,
      author         = "Dolgov, A. D. and Hansen, S. H. and Semikoz, D. V.",
      title          = "{Nonequilibrium corrections to the spectra of massless
                        neutrinos in the early universe}",
      journal        = "Nucl. Phys.",
      volume         = "B503",
      year           = "1997",
      pages          = "426-444",
      doi            = "10.1016/S0550-3213(97)00479-3",
      eprint         = "hep-ph/9703315",
      archivePrefix  = "arXiv",
      primaryClass   = "hep-ph",
      reportNumber   = "TAC-1997-010",
      SLACcitation   = "%%CITATION = HEP-PH/9703315;%%"
}
@article{Heckler:1994tv,
      author         = "Heckler, A. F.",
      title          = "{Astrophysical applications of quantum corrections to the
                        equation of state of a plasma}",
      journal        = "Phys. Rev.",
      volume         = "D49",
      year           = "1994",
      pages          = "611-617",
      doi            = "10.1103/PhysRevD.49.611",
      SLACcitation   = "%%CITATION = PHRVA,D49,611;%%"
}
@article{Fields:2014uja,
      author         = "Fields, Brian D. and Molaro, Paolo and Sarkar, Subir",
      title          = "{Big-Bang Nucleosynthesis}",
      journal        = "Chin. Phys.",
      volume         = "C38",
      year           = "2014",
      pages          = "339-344",
      eprint         = "1412.1408",
      archivePrefix  = "arXiv",
      primaryClass   = "astro-ph.CO",
      SLACcitation   = "%%CITATION = ARXIV:1412.1408;%%"
}
